<?xml version="1.0" encoding="UTF-8"?><record xmlns="http://www.loc.gov/MARC21/slim" xmlns:cinclude="http://apache.org/cocoon/include/1.0" xmlns:zs="http://www.loc.gov/zing/srw/">
  <leader>00696cz  a2200181n  4500</leader>
  <controlfield tag="001">nb2005012141</controlfield>
  <controlfield tag="003">DLC</controlfield>
  <controlfield tag="005">20120816081451.0</controlfield>
  <controlfield tag="008">050826n| acannaabn          |a aaa      </controlfield>
  <datafield tag="010" ind1=" " ind2=" ">
    <subfield code="a">nb2005012141</subfield>
  </datafield>
  <datafield tag="035" ind1=" " ind2=" ">
    <subfield code="a">(Uk)006265135</subfield>
  </datafield>
  <datafield tag="040" ind1=" " ind2=" ">
    <subfield code="a">Uk</subfield>
    <subfield code="b">eng</subfield>
    <subfield code="c">Uk</subfield>
    <subfield code="d">DLC</subfield>
  </datafield>
  <datafield tag="100" ind1="0" ind2=" ">
    <subfield code="a">ʼOṅʻ Sanʻʹ,</subfield>
    <subfield code="c">Ūʺ (Ambassador)</subfield>
  </datafield>
  <datafield tag="400" ind1="1" ind2=" ">
    <subfield code="a">Sanʻʹ, ʼOṅʻ,</subfield>
    <subfield code="c">Ūʺ (Ambassador)</subfield>
  </datafield>
  <datafield tag="400" ind1="0" ind2=" ">
    <subfield code="a">Ūʺ ʼOṅʻ Sanʻʹ</subfield>
    <subfield code="c">(Ambassador)</subfield>
  </datafield>
  <datafield tag="667" ind1=" " ind2=" ">
    <subfield code="a">THIS 1XX FIELD CANNOT BE USED UNDER RDA UNTIL THIS RECORD HAS BEEN REVIEWED AND/OR UPDATED</subfield>
  </datafield>
  <datafield tag="667" ind1=" " ind2=" ">
    <subfield code="a">Not the same as ʼOṅʻ Sanʻʺ, Ūʺ (n89144909)</subfield>
  </datafield>
  <datafield tag="670" ind1=" " ind2=" ">
    <subfield code="a">Saṃ krīʺ ta manʻ krīʺ saṃ khanʻʺ ta manʻ khanʻʺ, 2004:</subfield>
    <subfield code="b">t.p. (Ūʺ ʼOṅʻ Sanʻʹ)</subfield>
  </datafield>
</record>